@book{Fundamentals-of-Microelectronics,
	author = {Behzad Razavi},
	title = {Fundamentals of Microelectronics},
	year = {2013},
	publisher = {Wiley},
	address = {New York},
	edition = {2nd}
}

@misc{Lab-statement,
	author = {Jo√£o Pedro Oliveira },
	title = {Final Project - Voice Activity Detector},
	institution = {Department of Electrical and Computer Engineering, Nova School of Science and Technology, NOVA University of Lisbon},
	year = {2024}
}


@misc{lm324-datasheet,
	author = {Texas Instruments},
	title = {LM324},
	howpublished = {\url{https://www.ti.com/lit/ds/symlink/lm324.pdf?ts=1729155971844&ref_url=https%253A%252F%252Fwww.ti.com%252Fproduct%252FLM324}},
	year = {2024}
}

@misc{micro-datasheet,
	author = {CUI Devices},
	title = {CMA-4544PF-W},
	howpublished = {\url{https://moodle.fct.unl.pt/pluginfile.php/775891/mod_page/content/10/Microphone_cma-4544pf-w.pdf}},
	year = {2020}
}

@misc{micro-sens,
	author = {Jerad Lewis},
	title = {Understanding Microphone Sensitivity},
	howpublished = {\url{https://moodle.fct.unl.pt/pluginfile.php/775891/mod_page/content/10/10.1.1.309.4153.pdf?time=1730689009210}},
	year = {2012}
}

@misc{ESP32-datasheet,
	author = {Espressif Systems},
	title = {ESP32 Series Datasheet},
	howpublished = {\url{https://www.espressif.com/sites/default/files/documentation/esp32_datasheet_en.pdf}},
	year = {2024}
}

@misc{Active-Filter-Design-Techniques,
	author = {Thomas Kugelstadt},
	title = {Active Filter Design Techniques},
	howpublished = {\url{https://www2.seas.gwu.edu/~ece121/Spring-11/filterdesign.pdf}},
	year = {2001}
}

@misc{Coelhomatias_2024,
	author = {Leandro Filipe },
	title = {EMS Final Project},
	year = {2024},
	url = {https://github.com/Coelhomatias/ems},
	note = {Accessed: 2024-10}
}
